@article{vargas,
  title={Sistemas de fibra {\'o}ptica},
  author={Vargas, Ibrah{\'\i}n Alonso},
  journal={Mexico: Prenti Hall},
  year={2014}
}

@article{santiago,
  title={Propiedades f{\'\i}sico-qu{\'\i}micas de membranas PDMS empleadas en lentes l{\'\i}quidas},
  author={Santiago-Alvarado, A and V{\'a}zquez-Montiel, S},
  journal={Superficies y vac{\'\i}o},
  volume={22},
  number={3},
  pages={61--66},
  year={2009},
  publisher={Sociedad Mexicana de Ciencia y Tecnolog{\'\i}a de Superficies y Materiales AC}
}

@article{acosta,
  title={Desarrollo y ensayo de un sensor qu{\'\i}mico de fibra {\'o}ptica para la medici{\'o}n de concentraciones de di{\'o}xido de carbono},
  author={Acosta P{\'e}rez, Mar{'\i}a Ang{\'e}lica and Su{\'a}rez Castrill{\'o}n, Sir Alexci and Su{\'a}rez Castrill{\'o}n, Albert Miyer},
  journal={Tecnura},
  volume={20},
  number={50},
  pages={29--42},
  year={2016},
  publisher={Universidad Distrital Francisco Jos{\'e} de Caldas}
}

@article{alus,
  title={Introducci{\'o}n a los sensores de fibra {\'o}ptica para el monitoreo de salud de estructuras civiles},
  author={Alustiza, Diego Horacio and L{\'o}pez, Anah{\'\i} and Mineo, Marcos and Russo, Nelida Araceli and Villagr{\'a}n Zaccardi, Yury Andr{\'e}s},
  year={2022},
  publisher={Universidad Tecnol{\'o}gica Nacional. Facultad Regional La Plata. Secretar{\'\i}a de~â€¦}
}

@book{rodriguez,
  title={Semiconductores},
  author={Rodriguez, Pedro},
  year={2001},
  publisher={TECNIBOOK EDICIONES}
}

@article{gurevich,
  title={Fen{\'o}menos de transporte en semiconductores},
  author={Gurevich, Yuri G and Rodriguez, Felipe Perez},
  journal={Superficies y Vac{\'\i}o},
  volume={20},
  number={2},
  pages={24--25},
  year={2007}
}

@article{farrera,
  title={CONDUCTORES SEMICONDUCTORES Y AISLANTES.},
  author={Farrera, L},
  journal={Universidad Aut{\'o}noma. M{\'e}xico. Recuperado de: http://depa.fquim.unam.mx/amyd/archivero/\_27503.pdf},
  year={2008}
}

@article{candal,
  title={Semiconductores con actividad fotocatal{\'\i}tica},
  author={Candal, Roberto J and Bilmes, Sara A and Blesa, Miguel A},
  journal={Eliminaci{\'o}n de Contaminantes por Fotocat{\'a}lisis Heterog{\'e}nea. Editor: Miguel Blesa, Red CYTED VIII-G},
  pages={79--101},
  year={2001}
}

@article{cabriales,
  title={Luminiscencia en pol{\'\i}meros semiconductores},
  author={Cabriales G{\'o}mez, Roberto Carlos},
  journal={Ingenier{\'\i}as},
  volume={7},
  number={23},
  pages={12--16},
  year={2004},
  publisher={UANL. Facultad de Ingenier{\'\i}a Mec{\'a}nica y El{\'e}ctrica}
}

@article{junturas,
  title={SEMICONDUCTORES: Materiales semiconductores intr{\'\i}nsecos},
  author={Juntura, PN}
}

@article{soto,
  title={Celdas fotovoltaicas en generaci{\'o}n distribuida},
  author={Soto, Isidro Elvis Pereda},
  journal={Santiago de Chile},
  volume={7},
  year={2005}
}

@article{knier,
  title={?` C{\'o}mo Funcionan las Celdas Fotovoltaicas},
  author={Knier, Gil},
  journal={Ciencia NASA. En l{\'\i}nea: http://ciencia.nasa.gov/headlines/y2002/solarcells\_spanishA.htm (13/09/2007)},
  year={2007}
}

@article{terron,
  title={Fabricaci{\'o}n y caracterizaci{\'o}n de celdas fotovoltaicas de perovskita de nueva composici{\'o}n},
  author={Terr{\'o}n, S Ramos},
  journal={Universidad de Sevilla, Sevilla},
  year={2018}
}

@book{magana,
  title={Los superconductores},
  author={Maga{\~n}a, Luis Fernando},
  year={2023},
  publisher={Fondo de Cultura Econ{\'o}mica}
}

@article{perez,
  title={Los superconductores},
  author={P{\'e}rez, Francisco Enrique S{\'a}nchez-Lafuente},
  journal={Antena de telecomunicaci{\'o}n},
  volume={185},
  pages={18--26},
  year={2012},
  publisher={Asociaci{\'o}n Nacional de Ingenieros T{\'e}cnicos de Telecomunicaci{\'o}n}
}